@TechReport{crex,
  title =    "{C-REX: An Evolutionary Code Extractor for C - (PDF)}",
  author = {Ahmed E. Hassan and Richard C. Holt},
  institution = {University of Waterloo},
  note =  {http://plg.uwaterloo.ca/~aeehassa/home/pubs/crex.pdf},
}

@TechReport{cvsup,
  title =    "{CVSup Home Page}",
  note =  {http://www.cvsup.org/},
}

@TechReport{postgresqlwiki,
  title =    "{PostgreSQL Wikipedia}",
  institution = {http://en.wikipedia.org/},
  note =  {http://en.wikipedia.org/wiki/PostgreSQL},
  month = {November},
  year = {2004},
}

@TechReport{postgresqlhistory,
  title =    "{PostgreSQL History}",
  institution = {http://www.postgresql.org/},
  note =  {http://developer.postgresql.org/pdf/history.pdf},
}

@TechReport{postgresqlhistory2,
  title =    "{PostgreSQL History}",
  note = {http://www.alcove.com.au/oreilly/3.html},
}

@TechReport{history,
  title =    "{The History of PostgreSQL Open-Source Development}",
  note = {http://www.postgresql.org/files/developer/history.pdf},
  author = {Bruce Momjian},
}

@TechReport{releasenotes,
  title =    "{Release Notes}",
  note = {http://developer.postgresql.org/docs/postgres/release.html},
  author = {PostgreSQL},
  year = {2005},
}

@TechReport{postgresqlcvs,
  title =    "{The PostgreSQL CVS Repository}",
  note = {http://developer.postgresql.org/docs/postgres/cvs.html},
  author = {PostgreSQL},
}

@TechReport{ldx,
  title =    "{Linker-Based Program Extraction and Its Uses in Studying Software Evolution}",
  author = {Jingwei Wu and Richard C. Holt},
  institution = {In Proceedings of the International Workshop on Unanticipated Software Evolution (FUSE 2004)},
  month = {March},
  year = {2004},
}

@TechReport{cppx,
  title =    "{CPPX: Open Source C++ Fact Extractor}",
  note = {http://swag.uwaterloo.ca/~cppx},
  institution = {University of Waterloo},
}

@TechReport{rigi,
  title =    "{Rigi - A System for Programming-in-the-large}",
  author = {Hausi A. Muller and K. Klashinsky.},
  institution = {In IEEE 10th International Conference on Software Engineering(ICSE-1998)},
  month = {April},
  year = {1998},
}

@TechReport{ctags,
  title =    "{Exuberant Ctags}",
  note = {http://ctags.sourceforge.net},
}


@Article{lehmans,
  key =          "Lehman",
  author =       "Meir M. Lehman",
  title =        "Programs, Life Cycles and Laws of Software Evolution",
  journal =      "Proceedings of the IEEE",
  volume =       "68",
  number =       "9",
  month =        sep,
  year =         "1980",
  pages =        "1060--1076",
  annote =       "Sources of evolutionary pressure in programs. Life
                 cycle processes. Laws of program evolution. Change
                 cannot be eliminated, but it must be made less
                 expensive. Maintain alterability. Performance,
                 capability and quality cannot be built into the first
                 version of a program, they must be achieved by
                 evolution. Problem is how to do this in a
                 cost-effective and timely way. Correctness as a whole
                 for real-world problem solving and embedded software is
                 not generally well specified, but such programs should
                 be partitioned into parts which are fully specified and
                 proven correct. Making programs live longer is cost
                 effective and lifetime is determined during formative
                 period. Laws are: continuous change, increasing
                 complexity (entropy), self-regulating evolution,
                 invariant work rate, conservation of familiarity. 92
                 references.",
    bibtexref = {http://liinwww.ira.uka.de/cgi-bin/bibshow?e=Njtd0mfbwfot/vojrvf\%7d2479677&r=bibtex&mode=intra},
}




@InProceedings{dmgseke2004,
    booktitle = "Proceedings SEKE 2004 The 16th Internation Conference on Software
    Engineering and Knowledge Engineering",
    year      = "2004",
    author    = "Daniel M. German and Abram Hindle and Norman Jordan",
    title     = "Visualizing the evolution of software using softChange",
    month     = "June",
    pages     = "336-341",
    publisher = "Knowledge Systems Institute",
    address   = "3420 Main St. Skokie IL 60076, USA",
    keywords  = "software evolution; visualization; softChange; SVG",
    dmgnote     = "38\% acceptance rate",
}
@TechReport{devcycle,
  title =    "{The PostgreSQL Development Cycle}",
  note = {http://www.postgresql.org/docs/faqs.FAQ\_DEV.html},
  author = {PostgreSQL},

}


@Unpublished{church04,
  author =   {Derek Church},
  title =    {A survey of techniques for the recovery and observation
                 of Software Evolution},
  institution =  {University of Victoria},
  year =     {2004},
 note = {Unpublished},
  abstract = {This overview presents recent research on the extraction
of information produced during the creation of a software product,
data-mining of that information and the visualization of the
results. The purpose of this research is to capture the process of
evolution in the software development lifecycle. By observing trends
and attempting to establish patterns in the evolutionary process it is
hoped that new insight can be gained towards improving software
engineering practices as well as validation of current techniques.},

 abenote ={visualization, msr overview, Accessed 20050609},
 url = {http://ag.cs.uvic.ca/~dmg/dchurch/},

}

@Misc{software-mining,
  author = "Ahmed Hassan",
  title = "Mining Software Repositories to Guide Software Development",
  url = "citeseer.ist.psu.edu/662614.html" ,
  bibsrc = "citeseer.ist.psu.edu/662614.html" ,
  annote = "Overview of MSR",
  note = "Accessed July",
  howpublished = {http://plg.uwaterloo.ca/~aeehassa/home/pubs.html},
  year= 2005,
}

@InProceedings{godfrey2000,
  author =  "Michael W. Godfrey and Qiang Tu",
  title =   "{Evolution in Open Source Software: A Case Study}",
  booktitle =   "Proc. of the 2000 Intl. Conference on Software Maintenance",
  year =    2000,
  pages = "131-142",
  location =    "San Jose",
  Tmonth =  "October",
}

@InProceedings{dmg2005metrics,
  author     = "Daniel M. German and Abram Hindle",
  title      = "{Measuring fine-grained change in software: towards modification-aware change metrics}",
  booktitle  = "Proceedings of 11th International Software Metrics Symposium (Metrics 2005)",
  year       = "2005",
  note       = "To be presented",
}

@InProceedings{dmgicsm2004.1,
  author =  "D.M. German",
  title =   "{An empirical study of fine-grained software modifications}",
  booktitle =   "20th IEEE International Conference on Software Maintenance (ICSM'04)",
  year =    "2004",
  pages   =     "316--325",
}

@Article{dmgevolutionJSME2004.1,
  author =  "D. M. German",
  title =   "{Using software trails to rebuild the evolution of software}",
  journal  =    "Journal of Software Maintenance and Evolution: Research and Practice",
  year =    "2004",
  volume =  "to appear",
}

@Article{eick01,
  author =       "Stephen G. Eick and Todd L. Graves and Alan F. Karr
                 and J. S. Marron and Audris Mockus",
  title =        "Does Code Decay? Assessing the Evidence from Change
                 Management Data",
  journal =      "IEEE Transactions on Software Engineering",
  volume =       "27",
  number =       "1",
  year =         "2001",
  ISSN =         "0098-5589",
  pages =        "1--12",
  publisher =    "IEEE Press",
}

@InProceedings{holt2004,
    title = {Predicting Change Propagation in Software Systems},
    author = { Ahmed E. Hassan and Richard C. Holt },
    booktitle = {Proceedings of ICSM 2004: International Conference on Software Maintenance},
    city = {Chicago},
    state = {Illinois},
    country = {USA},
    date = { September 11-17, 2004.},
    month = { September},
    day = {11},
    pages = "284--293",
    year = {2004},
}
@TechReport{dong,
  author =   {Xinyi Dong and Lijie Zou and Yuan Lin},
  title =    {Conceptual/Concerte Architecture of PostgreSQ},
  institution =  {University of Waterloo},
  year =     {2004},
}

@InProceedings{roadmap,
  author =  "K. H. Bennett and V.T Rajlich",
  title =   "{Software Maintenance and Evolution: a Roadmap}",
  year = {2000},
}

@Article{lehman98,
  key =          "Lehman",
  author =       "Meir M. Lehman",
  title =        "Laws of Software Evolution Revisited",
  year =         "1998",
}

@Article{pbs,
  author =  "P. Finnigan and R. Holt and I. Kalas and S. Kerr and K. Kontogiannis and H. Muller and J. Mylopoulos and S. Perelgut and M. Stanley and K. Wong",
  title =        "The Software Bookshelf",
  month = "November",
  year =         "1997",
  pages = "564-593",
  institution =    "IBM Systems Journal",
}
@inproceedings{animated,
 author = {Ron Baecker},
 title = {Two systems which produce animated representations of the execution of computer programs},
 booktitle = {SIGCSE '75: Proceedings of the fifth SIGCSE technical symposium on Computer science education},
 year = {1975},
 pages = {158--167},
 doi = {http://doi.acm.org/10.1145/800284.811152},
 publisher = {ACM Press},
 address = {New York, NY, USA},
 }

	

@Misc{sortingout,
  author = 	 {Ronald Baekcer and Dave Sherman},
  title = 	 {Sorting Out Sorting},
  howpublished = {30 minute colour sound film},
  year = 	 {1981},
  city =         {Toronto},
  url  =         {http://www.utoronto.ca/~ic/media/vidcol/science.html},
}

@inproceedings{GallJR99,
  author    = {Harald Gall and
               Mehdi Jazayeri and
               Claudio Riva},
  title     = {Visualizing Software Release Histories: The Use of Color
               and Third Dimension.},
  booktitle = {ICSM},
  year      = {1999},
  pages     = {99-108},
  ee        = {http://computer.org/proceedings/icsm/0016/00160099abs.htm},
  bibsource = {DBLP, http://dblp.uni-trier.de}
}

@inproceedings{shrimp,
  author    = {Margaret-Anne D. Storey and
               Casey Best and
               Jeff Michaud},
  title     = {SHriMP Views: An Interactive Environment for Exploring Java
               Programs.},

  year      = {2001},
  pages     = {111-112},
  ee        = {http://computer.org/proceedings/iwpc/1131/11310111abs.htm},
  bibsource = {DBLP, http://dblp.uni-trier.de},
  booktitle     = {9th International Workshop on Program Comprehension (IWPC
               2001), 12-13 May 2001, Toronto, Canada},

  publisher = {IEEE Computer Society},
  isbn      = {0-7695-1131-7},
  bibsource = {DBLP, http://dblp.uni-trier.de}
}

@inproceedings{maletic,
 author = {Andrian Marcus and Louis Feng and Jonathan I. Maletic},
 title = {3D representations for software visualization},
 booktitle = {SoftVis '03: Proceedings of the 2003 ACM symposium on Software visualization},
 year = {2003},
 isbn = {1-58113-642-0},
 pages = {27--ff},
 location = {San Diego, California},
 doi = {http://doi.acm.org/10.1145/774833.774837},
 publisher = {ACM Press},
 address = {New York, NY, USA},
 }
